@online{jung:2013,
    author = {The JUNG Framework Development Team},
    title = {{JUNG, Java Universal Network/Graph Framework}},
    url = {http://jung.sourceforge.net/},
    urldate = {19/10/2013},
    note = {accessed 19-October-2013}
}
@online{graphml:2013,
    author = {GraphML Team},
    title = {{The GraphML File Format}},
    url = {http://graphml.graphdrawing.org/},
    urldate = {17/Apr/2013},
    note = {accessed 19-October-2013}
}
@book{larmann:2004,
    author = {Craig Larman},
    title = {{Applying UML and Patterns: An Introduction to Object-Oriented Analysis and Design and the Unified Process}},
    publisher = {Prentice Hall},
    edition = {Third},
    year = {2004},
    isbn = {0131489062}
}
@online{bruggmann:2013,
    author = {Roland E. Bruggmann},
    title = {{ooaduc.sty - \LaTeX-Style File for Use Cases in Object-Oriented Analysis and Design}},
    url = {https://gist.github.com/brugr9/5178487},
    urldate = {20/10/2013},
    note = {accessed 20-October-2013}
}
