%
% BibTex Database
% ===========================================================================
% This is part of the document "Project documentation template".
% Authors: brugr9
%
@misc{jung:2013,
    author = {The JUNG Framework Development Team},
    title = {{Java Universal Network/Graph Framework JUNG}},
    url = {http://jung.sourceforge.net/},
}

@misc{graphml:2013,
    author = {GraphML Team},
    title = {{The GraphML File Format}},
    url = {http://graphml.graphdrawing.org/},
}

@book{larmann:2004,
    author = {Craig Larman},
    title = {{Applying UML and Patterns: An Introduction to Object-Oriented Analysis and Design and the Unified Process}},
    publisher = {Prentice Hall},
    edition = {Third},
    year = {2004},
    isbn = {0131489062}
}

@misc{bruggmann:2013,
    author = {Roland E. Bruggmann},
    title = {{ooaduc.sty - \LaTeX-Style File for Use Cases in Object-Oriented Analysis and Design}},
    url = {https://gist.github.com/brugr9/5178487},
}

@book{kopka:band1,
	author = {Helmut Kopka},
	title = {\LaTeX, Band 1: Eine Einf√ºhrung},
	publisher = {Pearson Studium},
	journal = {Operations Research},
	volume = {3},
	year = {2002},
	isbn = {3827370388}
}